% Encoding: UTF-8

@WWW{TechnicalDocumentationFontanel05,
  author = {Christophe Fontanel},
  title  = {Technical Documentation - File Formats - Dungeon File (DUNGEON.DAT)},
  year   = {2005},
  date   = {24.10},
  url    = {http://dmweb.free.fr/?q=node/217},
}

@WWW{HtmlDataFontanel05,
  author = {Christophe Fontanel},
  title  = {Dungeon Master - Content Categories},
  year   = {2005},
  date   = {24.10},
  url    = {http://dmweb.free.fr/?q=view/CategoryBrowser},
}

@WWW{HtmlAgilityPack,
  author = {Simon Mourier},
  title  = {Html Agility Pack},
  year   = {2012},
  date   = {10.7.},
  url    = {https://htmlagilitypack.codeplex.com/},
}

@WWW{TextureExtractor,
  author = {Brian},
  title  = {DMDecode for PC},
  year   = {2005},
  date   = {11.11},
  url    = {http://dmweb.free.fr/?q=node/866},
}

@WWW{MonoGame,
  author = {Jos√© Antonio Leal de Farias},
  title  = {MonoGame},
  year   = {2009},
  url    = {http://www.monogame.net/},
}

@WWW{DMDecompilation,
  author = {Christophe Fontanel},
  title  = {Back to the source: ReDMCSB},
  year   = {2014},
  date   = {18. 1.},
  url    = {http://www.dungeon-master.com/forum/viewtopic.php?f=25&t=29805},
}

@Comment{jabref-meta: databaseType:biblatex;}
